@article{BPNNPrinciple,
  author =       "韩普, 周汉辰, 周北望",
  title =        "BP神经网络原理研究与实现",
  number =       10,
  year =         2018,
}

@article{BPNNPrincipleY,
  author =       "袁冰清, 程功, 郑柳刚",
  title =        "BP神经网络基本原理",
  number =       08,
  year =         2018,
}

@article{RepresentationsByBP,
  author =       "Rumelhart, David E.; Hinton, Geoffrey E.; Williams, Ronald J",
  title =        "Learning representations by back-propagating errors",
  number =       323,
  year =         1986,
}